@manual{tikz,
   author    = {Till Tantau},
   title     = {The TikZ and PGF Packages},
   subtitle  = {Manual for version 3.0.0},
   url       = {http://sourceforge.net/projects/pgf/},
   date      = {2013-12-20},
}

@article{sbgn,
  title={The systems biology graphical notation},
  author={Le Novere, Nicolas and Hucka, Michael and Mi, Huaiyu and Moodie, Stuart and Schreiber, Falk and Sorokin, Anatoly and Demir, Emek and Wegner, Katja and Aladjem, Mirit I and Wimalaratne, Sarala M and others},
  journal={Nature biotechnology},
  volume={27},
  number={8},
  pages={735},
  year={2009},
  publisher={Nature Publishing Group}
}
