@manual{tikz,
   author    = {Till Tantau},
   title     = {The TikZ and PGF Packages},
   subtitle  = {Manual for version 3.0.0},
   url       = {http://sourceforge.net/projects/pgf/},
   date      = {2013-12-20},
}

@article{sbgn,
  title={The systems biology graphical notation},
  author={Le Novere, Nicolas and Hucka, Michael and Mi, Huaiyu and Moodie, Stuart and Schreiber, Falk and Sorokin, Anatoly and Demir, Emek and Wegner, Katja and Aladjem, Mirit I and Wimalaratne, Sarala M and others},
  journal={Nature biotechnology},
  volume={27},
  number={8},
  pages={735},
  year={2009},
  publisher={Nature Publishing Group}
}

@article{sbgnml,
  title={Software support for SBGN maps: SBGN-ML and LibSBGN},
  author={Van Iersel, Martijn P and Vill{\'e}ger, Alice C and Czauderna, Tobias and Boyd, Sarah E and Bergmann, Frank T and Luna, Augustin and Demir, Emek and Sorokin, Anatoly and Dogrusoz, Ugur and Matsuoka, Yukiko and others},
  journal={Bioinformatics},
  volume={28},
  number={15},
  pages={2016--2021},
  year={2012},
  publisher={Oxford University Press}
}


@MISC{libsbgnpy,
  author        = {Matthias KÃ¶nig},
  title         = {libsbgnpy: Python library for SBGN},
  month         = {Mar.},
  year          = {2017},
  doi           = "{10.5281/zenodo.438327}",
  url           = "{http://dx.doi.org/10.5281/zenodo.438327}",
  howpublished  = {https://github.com/matthiaskoenig/libsbgn-python/blob/master/README.md}
}
